@INPROCEEDINGS{contracts,
   author = "J. Ricardo Dias and Carla Ferreira and Jan Fiedor and Joao Lourenco and Ale\v{s} Smr\v{c}ka and J. Diogo Sousa and Tom\'{a}\v{s} Vojnar",
   title = "Verifying Concurrent Programs Using Contracts",
   pages = "196--206",
   booktitle = "2017 IEEE International Conference on Software Testing, Verification and Validation (ICST)",
   year = 2017,
   location = "Tokyo, JP",
   publisher = "Institute of Electrical and Electronics Engineers",
   ISBN = "978-1-5090-6032-0",
   doi = "10.1109/ICST.2017.25",
   language = "english",
   url = "https://www.fit.vut.cz/research/publication/11510"
}

@INPROCEEDINGS{FITPUB10817,
   author = "Jan Fiedor and Zden\v{e}k Letko and Joao Lourenco and Tom\'{a}\v{s} Vojnar",
   title = "Dynamic Validation of Contracts in Concurrent Code",
   pages = "177--178",
   booktitle = "Proceedings of the 15th International Conference on Computer Aided Systems Theory",
   year = 2015,
   location = "Universidad de Las Palmas de Canaria, ES",
   publisher = "The Universidad de Las Palmas de Gran Canaria",
   ISBN = "978-84-606-5438-4",
   language = "english",
   url = "https://www.fit.vut.cz/research/publication/10817"
}

@article{DBLP:journals/corr/SousaDFL15,
  author    = {Diogo G. Sousa and
               Ricardo J. Dias and
               Carla Ferreira and
               Jo{\~{a}}o Louren{\c{c}}o},
  title     = {Preventing Atomicity Violations with Contracts},
  journal   = {CoRR},
  volume    = {abs/1505.02951},
  year      = {2015},
  url       = {http://arxiv.org/abs/1505.02951},
  archivePrefix = {arXiv},
  eprint    = {1505.02951},
  timestamp = {Mon, 13 Aug 2018 16:48:09 +0200},
  biburl    = {https://dblp.org/rec/journals/corr/SousaDFL15.bib},
  bibsource = {dblp computer science bibliography, https://dblp.org}
}

@inproceedings{RoadRunner,
    author = {Flanagan, Cormac and Freund, Stephen N.},
    title = {The RoadRunner Dynamic Analysis Framework for Concurrent Programs},
    year = {2010},
    isbn = {9781450300827},
    publisher = {Association for Computing Machinery},
    address = {New York, NY, USA},
    url = {https://doi.org/10.1145/1806672.1806674},
    doi = {10.1145/1806672.1806674},
    booktitle = {Proceedings of the 9th ACM SIGPLAN-SIGSOFT Workshop on Program Analysis for Software Tools and Engineering},
    pages = {1–8},
    numpages = {8},
    keywords = {dynamic analysis, concurrency},
    location = {Toronto, Ontario, Canada},
    series = {PASTE '10}
}

@book{javaTheCompleteReference,
    author = {Herbert Schildt},
    title = {Java: The Complete Reference, Eleventh Edition},
    publisher = {McGraw-Hill Education},
    year = {2018},
    doi = {10.1036/9781260440249},
    address = {New York},
    edition   = {11},
    ISBN   = {1260440230},
    %pages   = {-1}
}

@MISC{asmguide,
    author = {Eric Bruneton},
    title = {ASM 4.0 A Java bytecode engineering library},
    year = {2011},
    url = {https://asm.ow2.io/asm4-guide.pdf},
    howpublished = "online",
    cited = {2021-01-09},
}

@book{jmmspec,
    author = {Gosling, James and Joy, Bill and Steele, Guy L. and Bracha, Gilad and Buckley, Alex},
    title = {The Java Language Specification, Java SE 8 Edition},
    year = {2014},
    isbn = {013390069X},
    publisher = {Addison-Wesley Professional},
    edition = {1},
    pages = {645-659},
    abstract = {Written by the inventors of the technology, The Java Language Specification, Java SE 8 Edition is the definitive technical reference for the Java programming language. The book provides complete, accurate, and detailed coverage of the Java programming language. It fully describes the new features added in Java SE 8, including lambda expressions, method references, default methods, type annotations, and repeating annotations. The book also includes many explanatory notes and carefully distinguishes the formal rules of the language from the practical behavior of compilers.}
}

@book{fundamentals,
    author = {Ghezzi, C and Jazayeri, M and Mandrioli, D},
    title = {Fundamentals of Sofware Engineering},
    year = {2003},
    isbn = {0-13-099183-X},
    publisher = {Pearson Education, International},
    edition = {2},
    pages = {269-336},
}

@article{eraser,
    author = {Savage, Stefan and Burrows, Michael and Nelson, Greg and Sobalvarro, Patrick and Anderson, Thomas},
    title = {Eraser: A Dynamic Data Race Detector for Multithreaded Programs},
    year = {1997},
    issue_date = {Nov. 1997},
    publisher = {Association for Computing Machinery},
    address = {New York, NY, USA},
    volume = {15},
    number = {4},
    issn = {0734-2071},
    url = {https://doi.org/10.1145/265924.265927},
    doi = {10.1145/265924.265927},
    journal = {ACM Trans. Comput. Syst.},
    month = nov,
    pages = {391–411},
    numpages = {21},
    keywords = {binary code modification, multithreaded programming, race detection}
}

@inproceedings{10.1145/964001.964023,
author = {Flanagan, Cormac and Freund, Stephen N},
title = {Atomizer: A Dynamic Atomicity Checker for Multithreaded Programs},
year = {2004},
isbn = {158113729X},
publisher = {Association for Computing Machinery},
address = {New York, NY, USA},
url = {https://doi.org/10.1145/964001.964023},
doi = {10.1145/964001.964023},
abstract = {Ensuring the correctness of multithreaded programs is difficult, due to the potential for unexpected interactions between concurrent threads. Much previous work has focused on detecting race conditions, but the absence of race conditions does not by itself prevent undesired thread interactions. We focus on the more fundamental non-interference property of atomicity; a method is atomic if its execution is not affected by and does not interfere with concurrently-executing threads. Atomic methods can be understood according to their sequential semantics, which significantly simplifies (formal and informal) correctness arguments.This paper presents a dynamic analysis for detecting atomicity violations. This analysis combines ideas from both Lipton's theory of reduction and earlier dynamic race detectors. Experience with a prototype checker for multithreaded Java code demonstrates that this approach is effective for detecting errors due to unintended interactions between threads. In particular, our atomicity checker detects errors that would be missed by standard race detectors, and it produces fewer false alarms on benign races that do not cause atomicity violations. Our experimental results also indicate that the majority of methods in our benchmarks are atomic, supporting our hypothesis that atomicity is a standard methodology in multithreaded programming.},
booktitle = {Proceedings of the 31st ACM SIGPLAN-SIGACT Symposium on Principles of Programming Languages},
pages = {256–267},
numpages = {12},
keywords = {atomicity, dynamic analysis, reduction},
location = {Venice, Italy},
series = {POPL '04}
}

@article{atomizer,
    author = {Flanagan, Cormac and Freund, Stephen N},
    title = {Atomizer: A Dynamic Atomicity Checker for Multithreaded Programs},
    year = {2004},
    issue_date = {January 2004},
    publisher = {Association for Computing Machinery},
    address = {New York, NY, USA},
    volume = {39},
    number = {1},
    issn = {0362-1340},
    url = {https://doi.org/10.1145/982962.964023},
    doi = {10.1145/982962.964023},
    journal = {SIGPLAN Not.},
    month = jan,
    pages = {256–267},
    numpages = {12},
    keywords = {atomicity, dynamic analysis, reduction}
}

@book{jvmspec,
    author = {Lindholm, Tim and Yellin, Frank and Bracha, Gilad and Buckley, Alex},
    title = {The Java Virtual Machine Specification, Java SE 8 Edition},
    year = {2014},
    isbn = {013390590X},
    publisher = {Addison-Wesley Professional},
    edition = {1st},
    pages = {69-332}
}

@phdthesis{letko,
    author = "Zden\v{e}k Letko",
    type = "Ph.D. thesis",
    title = "Analysis and Testing of Concurrent Programs",
    school = "Brno University of Technology, Faculty of Information Technology",
    year = 2012,
    location = "Brno, CZ",
    language = "english",
    url = "https://www.fit.vut.cz/study/phd-thesis/364/"
}

%    @BOOK{Pravidla,
%      author =       "Zdeněk Hlavsa and others",
%      title =        "Pravidla českého pravopisu",
%      publisher =    "Academia",
%      edition =      "2",
%      year =         "2009",
%      isbn =         "80-200-1327-X",
%    }
%    
%    @BOOK{Knuth,
%      author =       "Donald E. Knuth",
%      title =        "The {\TeX}book",
%      publisher =    "Addison-Wesley Publishing Company",
%      year =         "1996",
%      isbn =         "0-201-13447-0",
%    }
%    
%    @BOOK{Rybicka,
%      author =       "Jiří Rybička",
%      title =        "\LaTeX~pro začátečníky",
%      publisher =    "Konvoj",
%      edition =      "3",
%      year =         "2003",
%      isbn =         "80-7302-049-1",
%    }
%
%    @BOOK{Olsak,
%      author =       "Petr Olšák",
%      title =        "{\TeX}book naruby",
%      publisher =    "Konvoj",
%      year =         "2001",
%      isbn =         "80-7302-0007-6",
%    }
%
%    @BOOK{Eikh,
%      author =       "Victor Eikhout",
%      title =        "{\TeX}by Topics, a {\TeX}nitian's Reference",
%      publisher =    "Addison-Wesley UK",
%      year =         "2001",
%      isbn =         "0-201-56882-9",
%    }
%
%    @website{cstugWeb,
%      author =       "Petr Sojka and others",
%      title =        "Československé sdružení uživatelů {\TeX}u",
%      howpublished = "online",
%      url =          "http://www.cstug.cz",
%      cited =        "2019-10-02"
%    }
%
%    @webpage{fitWeb,
%      author =       "Zdena Rábová and Petr Hanáček and Petr Peringer and Petr Přikryl and Bohuslav Křena",
%      title =        "Užitečné rady pro psaní práce",
%      howpublished = "online",
%      publisher =    "FIT VUT v~Brně",
%      year =         "2008",
%      month =        11,
%      url =          "https://www.fit.vut.cz/study/theses/theses-advice/",
%      cited =        "2019-10-02"
%    }
%
%    @webpage{citace,
%      author =       "Zdena Rábová and Petr Hanáček and Petr Peringer and Petr Přikryl and Bohuslav Křena",
%      title =        "Pravidla pro bibliografické citace",
%      howpublished = "online",
%      publisher =    "FIT VUT v Brně",
%      year =         "2019",
%      month =        3,
%      url =          "https://www.fit.vut.cz/study/theses/citations/",
%      cited =        "2019-10-02"
%    }
%   
%    @MISC{biblio,
%      author =       "Olga Biernátová and Jan Skůpa",
%      title =        "Bibliografické odkazy a citace dokumentů",
%      howpublished = "online",
%      url =          "http://www.citace.com/download/CSN-ISO-690.pdf",
%      publisher =    "Citace.com",
%      month =        9,
%      address =      "Brno",
%      year =         "2011",
%      cited =        "2019-10-02"
%    }
%   
%    @webpage{formalniBP,
%      author =       "Zdena Rábová and Petr Přikryl and Petr Peringer and Petr Lampa and Bohuslav Křena and jaroslav Dytrych and Petr Veigend",
%      title =        "Pokyny k~bakalářským pracím a SZZ",
%      howpublished = "online",
%      year =         "2019",
%      url =          "https://www.fit.vut.cz/study/theses/bachelor-theses/",
%      cited =        "2019-10-02"
%    }
%   
%    @webpage{formalniDP,
%      author =       "Zdena Rábová and Petr Přikryl and Petr Peringer and Petr Lampa and Bohuslav Křena and jaroslav Dytrych and Petr Veigend",
%      title =        "Pokyny k~diplomovým pracím a SZZ",
%      howpublished = "online",
%      year =         "2019",
%      url =          "https://www.fit.vut.cz/study/theses/master-theses/",
%      cited =        "2019-10-02"
%    }
%   
%    @MISC{smernice,
%      key =          "Szz",
%      author =       "Petr Štěpánek",
%      title =        "Směrnice rektora č. 72/2017 -- Úprava, odevzdávání a zveřejňování závěrečných prací",
%      howpublished = "online",
%      year =         "2017",
%      url =          "https://www.vutbr.cz/uredni-deska/vnitrni-predpisy-a-dokumenty/smernice-c-72-2017-uprava-odevzdavani-a-zverejnovani-zaverecnych-praci-d161410",
%      cited =        "2019-10-02"
%    }
%   
%   @MISC{smerniceFIT,
%      author =       "Pavel Zemčík",
%      title =        "Směrnice děkana č. 7/2018 -- Úprava, odevzdávání a zveřejňování závěrečných prací na FIT VUT v Brně",
%      howpublished = "online",
%      year =         "2018",
%      url =          "https://www.fit.vut.cz/fit/info/smernice/sm2018-07.pdf",
%      cited =        "2019-10-02"
%    }
%   
%    @website{prirucka,
%      key =          "Cerna",
%      author =       "Anna Černá and Jan Chromý and Hana Konečná and others",
%      title =        "Internetová jazyková příručka -- Ústav pro jazyk český Akademie věd ČR, v. v. i.",
%      howpublished = "online",
%      publisher =    "Centrum zpracování přirozeného jazyka FI MU",
%      year =         "2019",
%      url =          "http://prirucka.ujc.cas.cz/",
%      cited =        "2019-10-02"
%    }
%   
%    @website{Herout,
%      author =       "Adam Herout",
%      title =        {herout.net -- Poznámky učitele, kouče, čtenáře.},
%      howpublished = "online",
%      year =         "2018",
%      url =          "http://www.herout.net/",
%      cited =        "2019-10-02"
%    }
%   
%    @webpage{chyby,
%      key =          "Szoke",
%      author =       "Igor Szöke",
%      title =        "Textová část BP/DP -- Lessons learned",
%      howpublished = "online",
%      year =         "2012",
%      url =          "http://blog.igor.szoke.cz/2012/01/textova-cast-bpdp-lessons-learned-1.html",
%      cited =        "2019-10-02"
%    }
%   
%    @webpage{rady,
%      key =          "Szoke",
%      author =       "Igor Szöke",
%      title =        "Píšete diplomku? 15+1 rad, které vám pomohou.",
%      howpublished = "online",
%      year =         "2011",
%      url =          "http://blog.igor.szoke.cz/2011/12/pisete-diplomku-151-rad-ktere-vam.html",
%      cited =        "2019-10-02"
%    }
%   
%    @webpage{Beran,
%      author =       "Vítězslav Beran",
%      title =        "Beran-BP DP Projekty",
%      howpublished = "online",
%      year =         "2017",
%      url =          "http://merlin.fit.vutbr.cz/wiki/index.php/Beran-BP_DP_Projekty",
%      cited =        "2019-10-02"
%    }
%
%    @MISC{BeranPDF,
%      author =       "Vítězslav Beran",
%      title =        "Jak psát technickou zprávu",
%      howpublished = "online",
%      year =         "2013",
%      url =          "http://www.fit.vutbr.cz/~beranv/podpora/Jak\%20psat\%20technickou\%20zpravu.pdf",
%      cited =        "2019-10-00"
%    }
%   
%    @webpage{Cernocky,
%      key =          "Cernocky",
%      author =       "Jan Černocký",
%      title =        "Černocký BP DP -- obecně",
%      howpublished = "online",
%      year =         "2016",
%      url =          "https://merlin.fit.vutbr.cz/wiki/index.php/Cernocky_BP_DP-obecne",
%      publisher = "Wiki FIT VUT v Brně",
%      cited =        "2019-10-02"
%    }
%   
%    @webpage{CernockyEnglish,
%      key =          "Cernocky",
%      author =       "Jan Černocký",
%      title =        "English SOS",
%      howpublished = "online",
%      year =         "2016",
%      url =          "https://merlin.fit.vutbr.cz/wiki/index.php/English_SOS",
%      cited =        "2019-10-02"
%    }
%   
%    @MISC{Zemcik,
%      author =       "Pavel Zemčík",
%      title =        "Všeobecné pokyny pro studenty a vůbec",
%      howpublished = "online",
%      year =         "2012",
%      url =          "http://www.fit.vutbr.cz/~zemcik/Pokyny.pdf",
%      cited =        "2019-10-02"
%    }
%   
%    @BOOK{Lebrun2011,
%      author =       "Jean-Luc Lebrun",
%      title =        "Scientific Writing 2.0: a reader and writer's guide",
%      publisher =    "World Scientific Publishing",
%      year =         "2011",
%      edition =      "1",
%      isbn =         "9814350605",
%      owner =        "herout",
%      timestamp =    "2015.01.20"
%    }
%  
%    @MASTERSTHESIS{Pysny,
%      author = {Radek Py{\v{s}}n{\'{y}}},
%      type = {Bakal{\'{a}}{\v{r}}sk{\'{a}} pr{\'{a}}ce},
%      title = {BiBTeX styl pro {\v{C}}SN ISO 690 a {\v{C}}SN ISO	690-2},
%      school = {Vysok{\'{e}} u{\v{c}}en{\'{i}} technick{\'{e}} v Brn{\v{e}}, Fakulta informa{\v{c}}n{\'{i}}ch technologi{\'{i}}},
%      year = {2009},
%      location = {Brno, CZ},
%      language = {czech},
%      url = {https://www.fit.vut.cz/study/thesis/7848/}
%    }
